<?xml version="1.0" encoding="UTF-8"?><record xmlns="http://www.loc.gov/MARC21/slim" xmlns:cinclude="http://apache.org/cocoon/include/1.0" xmlns:zs="http://www.loc.gov/zing/srw/">
  <leader>00408nz  a2200133n  4500</leader>
  <controlfield tag="001">no2010200360</controlfield>
  <controlfield tag="003">DLC</controlfield>
  <controlfield tag="005">20101211075654.0</controlfield>
  <controlfield tag="008">101209n| acannaabn          |n aaa     c</controlfield>
  <datafield tag="010" ind1=" " ind2=" ">
    <subfield code="a">no2010200360</subfield>
  </datafield>
  <datafield tag="035" ind1=" " ind2=" ">
    <subfield code="a">(OCoLC)oca08711098</subfield>
  </datafield>
  <datafield tag="040" ind1=" " ind2=" ">
    <subfield code="a">MsHaU</subfield>
    <subfield code="b">eng</subfield>
    <subfield code="c">MsHaU</subfield>
  </datafield>
  <datafield tag="100" ind1="1" ind2=" ">
    <subfield code="a">Bass, Robert E.,</subfield>
    <subfield code="d">1955-</subfield>
  </datafield>
  <datafield tag="670" ind1=" " ind2=" ">
    <subfield code="a">An oral history with Robert E. Bass Jr., c2010:</subfield>
    <subfield code="b">t.p., etc. (b. 1955; former mayor of Long Beach, Miss.)</subfield>
  </datafield>
</record>